<?xml version="1.0" encoding="UTF-8"?><record xmlns="http://www.loc.gov/MARC21/slim" xmlns:cinclude="http://apache.org/cocoon/include/1.0" xmlns:zs="http://www.loc.gov/zing/srw/">
  <leader>00439cz  a2200121n  4500</leader>
  <controlfield tag="001">n 2010075359</controlfield>
  <controlfield tag="003">DLC</controlfield>
  <controlfield tag="005">20101119074911.0</controlfield>
  <controlfield tag="008">101118n| acannaabn          |n ana      </controlfield>
  <datafield tag="010" ind1=" " ind2=" ">
    <subfield code="a">n 2010075359</subfield>
  </datafield>
  <datafield tag="040" ind1=" " ind2=" ">
    <subfield code="a">DLC</subfield>
    <subfield code="b">eng</subfield>
    <subfield code="c">DLC</subfield>
  </datafield>
  <datafield tag="130" ind1=" " ind2="0">
    <subfield code="a">War game (Television program)</subfield>
  </datafield>
  <datafield tag="670" ind1=" " ind2=" ">
    <subfield code="a">The war game, 1966</subfield>
    <subfield code="b">DLC copy theater program, National Film Theatre, London presentation (Peter Watkins television film showing the effects of a nuclear war in Britain)</subfield>
  </datafield>
</record>